@article{pelivs2003sport,
  title={Sport--kulturn{\'\i} fenom{\'e}n},
  author={Peli{\v{s}}, Michal},
  journal={Telesn{\'a} v{\`y}chova a {\v{s}}port v kult{\'u}re spolo{\v{c}}nosti. Fakulta t{\v{e}}lesnej v{\`y}chovy a {\v{s}}portu, Univerzita Komensk{\'e}ho, Bratislava},
  pages={142--148},
  year={2003}
}

@ONLINE{gazzetta,
author = {Gazzetta dello Sport},
title = {Serie A: 1.630 milioni di debiti. Club in crisi, i costi non calano. Napoli e Lazio in attivo},
month = mar,
year = {2013},
url = {http://www.gazzetta.it/Calcio/29-03-2013/serie-a-1630-milioni-debiti-club-crisi-costi-non-calano-napoli-lazio-attivo-92722080544.shtml}
}

@ONLINE{progression,
author = {Wikipedia},
title = {Progression of British football transfer fee record},
url = {http://en.wikipedia.org/wiki/Progression_of_British_football_transfer_fee_record}
}

@article{grabiner1999sabermetric,
  title={The sabermetric manifesto},
  author={Grabiner, David},
  journal={Baseball SABR. Web: http://baseball1. com/bb-data/grabiner/manifesto. html GARGANTA, J. \& PINTO, J.. O ensino do Futebol. In A Gra{\c{c}}a \& J. Oliveira (Orgs). O ensino dos jogos desportivos coletivos},
  pages={95--135},
  year={1999}
}

@article{lago2010game,
  title={Game-related statistics that discriminated winning, drawing and losing teams from the Spanish soccer league},
  author={Lago-Pe{\~n}as, Carlos and Lago-Ballesteros, Joaqu{\'\i}n and Dellal, Alexandre and G{\'o}mez, Maite},
  journal={Journal of Sports Science and Medicine},
  volume={9},
  number={2},
  pages={288--293},
  year={2010}
}

@article{james2006role,
  title={The role of notational analysis in soccer coaching},
  author={James, Nic},
  journal={International Journal of Sports Science and Coaching},
  volume={1},
  number={2},
  pages={185--198},
  year={2006},
  publisher={Multi-Science}
}

@BOOK{ScienceSoccer,
	AUTHOR = "Reilly T, Williams AM",
	TITLE = "Science and soccer",
	PUBLISHER = "Routledge",
	YEAR = "2003"	}

@article{Choi20111274,
title = "Automatic initialization for 3D soccer player tracking ",
journal = "Pattern Recognition Letters ",
volume = "32",
number = "9",
pages = "1274 - 1282",
year = "2011",
note = "",
issn = "0167-8655",
doi = "10.1016/j.patrec.2011.03.009",
url = "http://www.sciencedirect.com/science/article/pii/S0167865511000742",
author = "Kyuhyoung Choi and Yongduek Seo",
keywords = "Target initialization",
keywords = "Data association",
keywords = "Support vector machines "
}


@article{Figueroa2006122,
title = "Tracking soccer players aiming their kinematical motion analysis ",
journal = "Computer Vision and Image Understanding ",
volume = "101",
number = "2",
pages = "122 - 135",
year = "2006",
note = "",
issn = "1077-3142",
doi = "10.1016/j.cviu.2005.07.006",
url = "http://www.sciencedirect.com/science/article/pii/S1077314205001293",
author = "Pascual J. Figueroa and Neucimar J. Leite and Ricardo M.L. Barros",
keywords = "Tracking",
keywords = "Soccer players",
keywords = "Motion analysis "
}

@ONLINE{mitsloan,
author = {Bizpunk},
title = {2013 MIT SLOAN SPORTS ANALYTICS CONFERENCE},
month = mar,
year = {2013},
url = {http://mitchlasky.biz/2013-mit-sloan-sports-analytics-conference/}
}

@ONLINE{debs2013,
author = {DEBS2013},
title = {The 7th ACM International Conference on Distributed Event-Based Systems},
url = {http://www.orgs.ttu.edu/debs2013/index.php?goto=home}
}

@ONLINE{debs20131,
author = {DEBS2013},
title = {The ACM DEBS 2013 Grand Challenge},
url = {http://www.orgs.ttu.edu/debs2013/index.php?goto=cfchallengedetails}
}

@BOOK{Wisdom,
	AUTHOR = "Katzenback JR, Smith DK",
	TITLE = "The Wisdom of Teams",
	PUBLISHER = "Harper Business",
	YEAR = "1993"	}

@article{vancollaboration,
  title={Collaboration: Group theory},
  author={VAN DIERENDONCK, JH}
}

@article{guimera2005team,
  title={Team assembly mechanisms determine collaboration network structure and team performance},
  author={Guimera, Roger and Uzzi, Brian and Spiro, Jarrett and Amaral, Luis A Nunes},
  journal={Science},
  volume={308},
  number={5722},
  pages={697--702},
  year={2005},
  publisher={American Association for the Advancement of Science}
}
@article{wuchty2007increasing,
  title={The increasing dominance of teams in production of knowledge},
  author={Wuchty, Stefan and Jones, Benjamin F and Uzzi, Brian},
  journal={Science},
  volume={316},
  number={5827},
  pages={1036--1039},
  year={2007},
  publisher={American Association for the Advancement of Science}
}

@ONLINE{newyorkredbulls,
author = {New York Redbulls},
title = {Armchair Analyst: What we've learned from Opta},
url = {http://www.newyorkredbulls.com/news/2011/04/armchair-analyst-what-weve-learned-opta}
}



@article{duch2010quantifying,
  title={Quantifying the performance of individual players in a team activity},
  author={Duch, Jordi and Waitzman, Joshua S and Amaral, Lu{\'\i}s A Nunes},
  journal={PloS one},
  volume={5},
  number={6},
  pages={e10937},
  year={2010},
  publisher={Public Library of Science}
}

@article{jankovic,
  title={Analysis of efficient attacks in the 2008 european football championship},
  author={Aleksandar Jankovic, Bojan Leontievic and Milan Pasic},
  journal={Fiziƒçka kultura},
  volume={2},
  year={2009}
}

@article{forgy1965cluster,
  title={Cluster analysis of multivariate data: efficiency versus interpretability of classifications},
  author={Forgy, Edward W},
  journal={Biometrics},
  volume={21},
  pages={768--769},
  year={1965}
}

@inproceedings{arthur2007k,
  title={k-means++: The advantages of careful seeding},
  author={Arthur, David and Vassilvitskii, Sergei},
  booktitle={Proceedings of the eighteenth annual ACM-SIAM symposium on Discrete algorithms},
  pages={1027--1035},
  year={2007},
  organization={Society for Industrial and Applied Mathematics}
}

@inproceedings{lee2007trajectory,
  title={Trajectory clustering: a partition-and-group framework},
  author={Lee, Jae-Gil and Han, Jiawei and Whang, Kyu-Young},
  booktitle={Proceedings of the 2007 ACM SIGMOD international conference on Management of data},
  pages={593--604},
  year={2007},
  organization={ACM}
}

@inproceedings{babcock2003maintaining,
  title={Maintaining variance and k-medians over data stream windows},
  author={Babcock, Brain and Datar, Mayur and Motwani, Rajeev and O'Callaghan, Liadan},
  booktitle={Proceedings of the twenty-second ACM SIGMOD-SIGACT-SIGART symposium on Principles of database systems},
  pages={234--243},
  year={2003},
  organization={ACM}
}

@inproceedings{li2010incremental,
  title={Incremental clustering for trajectories},
  author={Li, Zhenhui and Lee, Jae-Gil and Li, Xiaolei and Han, Jiawei},
  booktitle={Database Systems for Advanced Applications},
  pages={32--46},
  year={2010},
  organization={Springer}
}
